@article{Hayat2016,
	title = "An RGB–D based image set classification for robust face recognition from Kinect data",
	journal = "Neurocomputing",
	volume = "171",
	pages = "889 - 900",
	year = "2016",
	issn = "0925-2312",
	doi = "https://doi.org/10.1016/j.neucom.2015.07.027",
	url = "http://www.sciencedirect.com/science/article/pii/S0925231215010048",
	author = "Munawar Hayat and Mohammed Bennamoun and Amar A. El-Sallam",
	keywords = "RGB–D Kinect data, Face recognition, Image set classification"
}
@article{Fanelli2013,
	author = {Fanelli, Gabriele and Dantone, Matthias and Gall, Juergen and Fossati, Andrea and Gool, Luc},
	title = {Random Forests for Real Time 3D Face Analysis},
	journal = {Int. J. Comput. Vision},
	volume = {101},
	number = {3},
	month = feb,
	year = {2013},
	pages = {437--458}
}
@INPROCEEDINGS{ViolaJones,
	author={P. Viola and M. Jones},
	booktitle={Proceedings of the 2001 IEEE Computer Society Conference on Computer Vision and Pattern Recognition. CVPR 2001},
	title={Rapid object detection using a boosted cascade of simple features},
	year={2001},
	volume={1},
	number={},
	pages={I-511-I-518 vol.1},
	keywords={feature extraction;image classification;image representation;learning (artificial intelligence);object detection;AdaBoost;background regions;boosted simple feature cascade;classifiers;face detection;image processing;image representation;integral image;machine learning;object specific focus-of-attention mechanism;rapid object detection;real-time applications;statistical guarantees;visual object detection;Detectors;Face detection;Filters;Focusing;Image representation;Machine learning;Object detection;Pixel;Robustness;Skin},
	doi={10.1109/CVPR.2001.990517},
	ISSN={1063-6919},
	month={},
}
@INPROCEEDINGS{Fanelli2011,
	author={G. Fanelli and J. Gall and L. Van Gool},
	booktitle={CVPR 2011},
	title={Real time head pose estimation with random regression forests},
	year={2011},
	volume={},
	number={},
	pages={617-624},
	keywords={face recognition;object detection;pose estimation;regression analysis;3D sensing technologies;face analysis tasks;facial expressions;graphics card;human face;large training datasets;partial occlusions;random regression forests;real time head pose estimation;specific face detection;statistical model;synthetic neutral face data;Estimation;Face;Nose;Three dimensional displays;Training;Vegetation},
	doi={10.1109/CVPR.2011.5995458},
	ISSN={1063-6919},
	month={June},
}
